<record><leader>00000cas a2200000 a 4500</leader><controlfield tag="001">11457288</controlfield><controlfield tag="008">841205d18791882ksuwr ne      0   a0eng d</controlfield><controlfield tag="009">3789</controlfield><datafield ind1=" " ind2=" " tag="010"><subfield code="a">sn 84030092 </subfield></datafield><datafield ind1=" " ind2=" " tag="040"><subfield code="a">KSH</subfield><subfield code="b">eng</subfield><subfield code="c">KSH</subfield><subfield code="d">NPT</subfield><subfield code="d">OCL</subfield></datafield><datafield ind1=" " ind2=" " tag="042"><subfield code="a">msc</subfield></datafield><datafield ind1="0" ind2=" " tag="130"><subfield code="a">New west (Cimarron, Kan. : Oct. 1879)</subfield></datafield><datafield ind1="0" ind2="4" tag="245"><subfield code="a">The new west.</subfield></datafield><datafield ind1=" " ind2=" " tag="260"><subfield code="a">Cimarron, Kan. :</subfield><subfield code="b">W.P. Peter,</subfield><subfield code="c">1879-</subfield></datafield><datafield ind1=" " ind2=" " tag="300"><subfield code="a">v. ;</subfield><subfield code="c">37 cm.</subfield></datafield><datafield ind1=" " ind2=" " tag="310"><subfield code="a">Weekly</subfield></datafield><datafield ind1="0" ind2=" " tag="362"><subfield code="a">Vol. 1, no. 14 (Oct. 18, 1879)-</subfield></datafield><datafield ind1="1" ind2=" " tag="362"><subfield code="a">Ceased in 1882?</subfield></datafield><datafield ind1=" " ind2=" " tag="500"><subfield code="a">Publisher varies.</subfield></datafield><datafield ind1=" " ind2=" " tag="500"><subfield code="a">"Republican in politics," Nov. 6, 1880- .</subfield></datafield><datafield ind1=" " ind2=" " tag="752"><subfield code="a">United States</subfield><subfield code="b">Kansas</subfield><subfield code="c">Gray</subfield><subfield code="d">Cimarron.</subfield></datafield><datafield ind1="0" ind2="0" tag="780"><subfield code="t">Optic (Cimarron, Kan.)</subfield><subfield code="w">(DLC)sn 84030065</subfield></datafield></record>